<?xml version="1.0" encoding="UTF-8"?><collection xmlns="http://www.loc.gov/MARC21/slim"><record><leader>00386nam--2200121-i-4500</leader><controlfield tag="001">000008951</controlfield><controlfield tag="002">20161230</controlfield><controlfield tag="005">20161230201028</controlfield><controlfield tag="008">060222s1000------------r-----000-0-eng-d</controlfield><datafield ind1=" " ind2=" " tag="100"><subfield code="a">Denouette, M., Daclin, E.Et Perrin, J.P</subfield></datafield><datafield ind1=" " ind2=" " tag="245"><subfield code="a">Systemes logiques. t.1: systemes combinatoires. introduction aux systemes sequentiels</subfield></datafield><datafield ind1=" " ind2=" " tag="260"><subfield code="a">Paris, Dunod, 1967</subfield></datafield><datafield ind1=" " ind2=" " tag="490"><subfield code="a">Techniques De L Automatisme</subfield></datafield></record></collection>